<record><leader>00000cas a2200000 a 4500</leader><controlfield tag="001">17270528</controlfield><controlfield tag="007">hd afb---baca</controlfield><controlfield tag="007">hd bfb---baaa</controlfield><controlfield tag="008">850926c19719999vm dr nea     0   b0vie c</controlfield><datafield ind1=" " ind2=" " tag="010"><subfield code="a">sn2007058215</subfield></datafield><datafield ind1=" " ind2=" " tag="040"><subfield code="a">COO</subfield><subfield code="b">eng</subfield><subfield code="c">COO</subfield><subfield code="d">OCLCQ</subfield><subfield code="d">DLC</subfield><subfield code="d">OCLCQ</subfield><subfield code="d">OCLCF</subfield><subfield code="d">OCLCO</subfield><subfield code="d">OCLCQ</subfield></datafield><datafield ind1=" " ind2=" " tag="042"><subfield code="a">pcc</subfield></datafield><datafield ind1=" " ind2=" " tag="043"><subfield code="a">a-vt---</subfield></datafield><datafield ind1="0" ind2="0" tag="050"><subfield code="a">Newspaper</subfield></datafield><datafield ind1="0" ind2=" " tag="130"><subfield code="a">Gio&#769; Nam (Saigon, Vietnam)</subfield></datafield><datafield ind1="1" ind2="0" tag="245"><subfield code="a">Gio&#769; Nam.</subfield></datafield><datafield ind1=" " ind2=" " tag="260"><subfield code="a">Saigon :</subfield><subfield code="b">[publisher not identified],</subfield><subfield code="c">1971-</subfield></datafield><datafield ind1=" " ind2=" " tag="300"><subfield code="a">volumes :</subfield><subfield code="b">illustrations</subfield></datafield><datafield ind1=" " ind2=" " tag="336"><subfield code="a">text</subfield><subfield code="b">txt</subfield><subfield code="2">rdacontent</subfield></datafield><datafield ind1=" " ind2=" " tag="337"><subfield code="a">microform</subfield><subfield code="b">h</subfield><subfield code="2">rdamedia</subfield></datafield><datafield ind1=" " ind2=" " tag="338"><subfield code="a">microfilm reel</subfield><subfield code="b">hd</subfield><subfield code="2">rdacarrier</subfield></datafield><datafield ind1="0" ind2=" " tag="362"><subfield code="a">So&#769;&#770; 1 (14-2-1972)-</subfield></datafield><datafield ind1=" " ind2=" " tag="533"><subfield code="a">Microfilm.</subfield><subfield code="b">New Delhi, India :</subfield><subfield code="c">Library of Congress Office ;</subfield><subfield code="b">Washington :</subfield><subfield code="c">Available from Photoduplication Service, Library of Congress.</subfield><subfield code="e">microfilm reels ; 35 mm.</subfield></datafield><datafield ind1=" " ind2="0" tag="651"><subfield code="a">Ho Chi Minh City (Vietnam)</subfield><subfield code="v">Newspapers.</subfield></datafield><datafield ind1=" " ind2="7" tag="651"><subfield code="a">Vietnam</subfield><subfield code="z">Ho Chi Minh City.</subfield><subfield code="2">fast</subfield><subfield code="0">(OCoLC)fst01221529</subfield></datafield><datafield ind1=" " ind2="7" tag="655"><subfield code="a">Newspapers.</subfield><subfield code="2">fast</subfield><subfield code="0">(OCoLC)fst01423814</subfield></datafield><datafield ind1=" " ind2=" " tag="752"><subfield code="a">Vietnam</subfield><subfield code="d">Ho Chi Minh City.</subfield></datafield></record>